<?xml version="1.0" encoding="UTF-8"?><collection xmlns="http://www.loc.gov/MARC21/slim"><record><leader>00583nam--2200181-i-4500</leader><controlfield tag="001">000031642</controlfield><controlfield tag="002">20161230</controlfield><controlfield tag="005">20161230201038</controlfield><controlfield tag="008">060222s1000------------r-----000-0-eng-d</controlfield><datafield ind1=" " ind2=" " tag="040"><subfield code="a">IFIN-HH</subfield></datafield><datafield ind1=" " ind2=" " tag="080"><subfield code="a">80-4.0:802.0:801.323.2=40=20</subfield></datafield><datafield ind1="1" ind2=" " tag="100"><subfield code="a">Macquighen, R</subfield></datafield><datafield ind1="1" ind2="0" tag="245"><subfield code="a">Noveau manuel pratique de conversation courante francais-anglais; a new practical handbook of current conversation french-english</subfield><subfield code="c">R. macquighen</subfield></datafield><datafield ind1=" " ind2=" " tag="250"><subfield code="a">Deuxieme Edition Nouveau Tirage</subfield></datafield><datafield ind1=" " ind2=" " tag="260"><subfield code="a">Paris</subfield><subfield code="b">Dunod</subfield><subfield code="c">1957</subfield></datafield><datafield ind1=" " ind2=" " tag="300"><subfield code="a">VIII + 143P</subfield></datafield><datafield ind1=" " ind2=" " tag="852"><subfield code="a">28655</subfield><subfield code="c">4</subfield></datafield><datafield ind1=" " ind2=" " tag="CAT"><subfield code="a">Sys</subfield><subfield code="c">20130130</subfield><subfield code="h">175532</subfield></datafield></record></collection>